@inproceedings{DBLP:conf/tgc/MontesiS10,
  author    = {Fabrizio Montesi and
               Davide Sangiorgi},
  title     = {A Model of Evolvable Components},
  booktitle = {TGC},
  year      = {2010},
  pages     = {153-171},
  ee        = {http://dx.doi.org/10.1007/978-3-642-15640-3_11},
  crossref  = {DBLP:conf/tgc/2010},
  bibsource = {DBLP, http://dblp.uni-trier.de}
}

@proceedings{DBLP:conf/tgc/2010,
  editor    = {Martin Wirsing and
               Martin Hofmann and
               Axel Rauschmayer},
  title     = {Trustworthly Global Computing - 5th International Symposium,
               TGC 2010, Munich, Germany, February 24-26, 2010, Revised
               Selected Papers},
  booktitle = {TGC},
  publisher = {Springer},
  series    = {Lecture Notes in Computer Science},
  volume    = {6084},
  year      = {2010},
  isbn      = {978-3-642-15639-7},
  ee        = {http://dx.doi.org/10.1007/978-3-642-15640-3},
  bibsource = {DBLP, http://dblp.uni-trier.de}
}
@online{Jolie,
author = {Jolie},
title = {Jolie-lang.org},
howpublished = {\url{}http://www.jolie-lang.org}},
note {Web}
}
@online{AMQP,
author = {OASIS},
title = {amqp.org},
howpublished = {\url{http://www.amqp.org}},
note = {Accessed May 15, 2014}
}
@online{AmqpConcepts,
author = {RabbitMQ},
title = {{AMQP 0-9-1 Model Explained}},
howpublished = {\url{https://www.rabbitmq.com/tutorials/amqp-concepts.html}},
version = {May 15, 2014},
note = {Accessed May 15, 2014},
}
@online{Amqp091References,
author = {RabbitMQ},
title = {{AMQP 0-9-1 Complete Reference Guide}},
howpublished = {\url{https://www.rabbitmq.com/amqp-0-9-1-reference.html}},
version = {May 15, 2014},
note = {Accessed May 15, 2014},
}